@book{ross2012computer,
  title={Computer networking},
  author={Ross, Keith W and Kurose, James F},
  year={2012},
  publisher={Pearson Education}
}

@article{Biolchini_2005_Systematicreviewin,
  author = {Biolchini, Jorge and Mian, P Gomes and Natali, A Candida Cruz and
  Travassos, G Horta},
  title = {Systematic review in software engineering},
  journal = {System Engineering and Computer Science Department COPPE/UFRJ, Technical
  Report ES},
  year = {2005},
  volume = {679},
  number = {05}
}

@article{greenwade93,
    author  = "George D. Greenwade",
    title   = "The {C}omprehensive {T}ex {A}rchive {N}etwork ({CTAN})",
    year    = "1993",
    journal = "TUGBoat",
    volume  = "14",
    number  = "3",
    pages   = "342--351"
}

@book{Knuth_1986_texbook,
  title = {The texbook},
  publisher = {Addison-Wesley Reading, MA, USA},
  year = {1986},
  author = {Knuth, Donald Ervin and Bibby, Duane},
  volume = {1993}
}